@misc{mu2023clarifygptempoweringllmbasedcode,
      title={ClarifyGPT: Empowering LLM-based Code Generation with Intention Clarification}, 
      author={Fangwen Mu and Lin Shi and Song Wang and Zhuohao Yu and Binquan Zhang and Chenxue Wang and Shichao Liu and Qing Wang},
      year={2023},
      eprint={2310.10996},
      archivePrefix={arXiv},
      primaryClass={cs.SE},
      url={https://arxiv.org/abs/2310.10996}, 
}



@misc{kuhn2023clamselectiveclarificationambiguous,
      title={CLAM: Selective Clarification for Ambiguous Questions with Generative Language Models}, 
      author={Lorenz Kuhn and Yarin Gal and Sebastian Farquhar},
      year={2023},
      eprint={2212.07769},
      archivePrefix={arXiv},
      primaryClass={cs.CL},
      url={https://arxiv.org/abs/2212.07769}, 
}

@misc{murzaku2025eclairenhancedclarificationinteractive,
      title={ECLAIR: Enhanced Clarification for Interactive Responses}, 
      author={John Murzaku and Zifan Liu and Md Mehrab Tanjim and Vaishnavi Muppala and Xiang Chen and Yunyao Li},
      year={2025},
      eprint={2503.15739},
      archivePrefix={arXiv},
      primaryClass={cs.AI},
      url={https://arxiv.org/abs/2503.15739}, 
}

@misc{zhang2023clarifynecessaryresolvingambiguity,
      title={Clarify When Necessary: Resolving Ambiguity Through Interaction with LMs}, 
      author={Michael J. Q. Zhang and Eunsol Choi},
      year={2023},
      eprint={2311.09469},
      archivePrefix={arXiv},
      primaryClass={cs.CL},
      url={https://arxiv.org/abs/2311.09469}, 
}

@misc{kong2024prewritepromptrewritingreinforcement,
      title={PRewrite: Prompt Rewriting with Reinforcement Learning}, 
      author={Weize Kong and Spurthi Amba Hombaiah and Mingyang Zhang and Qiaozhu Mei and Michael Bendersky},
      year={2024},
      eprint={2401.08189},
      archivePrefix={arXiv},
      primaryClass={cs.AI},
      url={https://arxiv.org/abs/2401.08189}, 
}

@misc{amuammer2025promptframework,
  author       = {Adnan AbuMuammer},
  title        = {Prompt Ambiguity Analysis Framework},
  year         = {2025},
  howpublished = {\url{https://github.com/amuammer/ai}},
  url = {https://github.com/amuammer/ai},
  note         = {Accessed: 2025-07-29}
}
